@book{pricing,
    title={Современное ценообразование: учебное пособие},
    author={Лазурин Е.А., Неклюдов В.А., Сироткин С.А},
    publisher= {Ярославль: ООО «ПКФ «СОЮЗ-ПРЕСС»},
    year={2020},
    pages={76}
}

@misc{kb,
	title="Красное\&Белое [Электронный ресурс]",
	howpublished="Режим доступа: \url{https://krasnoeibeloe.ru/} (дата обращения: 26.04.2022)"
}

@misc{winelab,
	title="ВинЛаб [Электронный ресурс]",
	howpublished="Режим доступа: \url{https://www.winelab.ru/} (дата обращения: 26.04.2022)"
}

@misc{primal_wine,
	title="Primal Wine [Электронный ресурс]",
	howpublished="Режим доступа: \url{https://primalwine.com/} (дата обращения: 26.04.2022)"
}

@misc{wine_com,
	title="Wine.com [Электронный ресурс]",
	howpublished="Режим доступа: \url{https://www.wine.com/} (дата обращения: 26.04.2022)"
}
